<?xml version="1.0" encoding="UTF-8"?><collection xmlns="http://www.loc.gov/MARC21/slim"><record><leader>00351nam--2200145-i-4500</leader><controlfield tag="001">000015426</controlfield><controlfield tag="002">20161230</controlfield><controlfield tag="005">20161230201031</controlfield><controlfield tag="008">060222s1000------------r-----000-0-eng-d</controlfield><datafield ind1=" " ind2=" " tag="100"><subfield code="a">Branzei, Dan</subfield></datafield><datafield ind1=" " ind2=" " tag="245"><subfield code="a">Geometrie circumstantiala</subfield></datafield><datafield ind1=" " ind2=" " tag="260"><subfield code="a">Iasi, Editura Junimea, 1983</subfield></datafield><datafield ind1=" " ind2=" " tag="300"><subfield code="a">232 p</subfield></datafield><datafield ind1=" " ind2=" " tag="852"><subfield code="a">72265</subfield><subfield code="c">513</subfield></datafield><datafield ind1=" " ind2=" " tag="CAT"><subfield code="a">Sys</subfield><subfield code="c">20080529</subfield><subfield code="h">095121</subfield></datafield></record></collection>